<collection>
  <record>
    <controlfield tag="001">55</controlfield>
    <datafield tag="041" ind1=" " ind2=" ">
      <subfield code="a">English</subfield>
    </datafield>
    <datafield tag="100" ind1=" " ind2=" ">
      <subfield code="a">Rodriguez Marrero, Ana</subfield>
    </datafield>
    <datafield tag="245" ind1=" " ind2=" ">
      <subfield code="a">Video tutorial for Outreach Exercise 2010</subfield>
    </datafield>
    <datafield tag="260" ind1=" " ind2=" ">
      <subfield code="b">CERN Open Data Portal</subfield>
      <subfield code="c">2014</subfield>
    </datafield>
    <datafield tag="300" ind1=" " ind2=" ">
      <subfield code="a">00:03:22</subfield>
    </datafield>
    <datafield tag="520" ind1=" " ind2=" ">
      <subfield code="a"><![CDATA[ <p> This video shows how to do the Z decay to two leptons &amp ZZ decay to four leptons analysis</p>]]></subfield>
    </datafield>
    <datafield tag="581" ind1=" " ind2=" ">
      <subfield code="a">The code used in this tutorial can be found here:</subfield>
      <subfield code="w">101</subfield>
    </datafield>
    <datafield tag="693" ind1=" " ind2=" ">
      <subfield code="a">CERN-LHC</subfield>
      <subfield code="e">CMS</subfield>
    </datafield>
    <datafield tag="964" ind1=" " ind2="0">
      <subfield code="c">Run2010B</subfield>
    </datafield>
    <datafield tag="FFT" ind1=" " ind2=" ">
      <subfield code="a">/tmp/opendata.cern.ch-fft-file-cache/cms-open-data-instructions/OutreachExercise2010.m4v</subfield>
    </datafield>
    <datafield tag="980" ind1=" " ind2=" ">
      <subfield code="a">CMS-Open-Data-Instructions</subfield>
    </datafield>
  </record>