
  <record>
    <controlfield tag="001">71</controlfield>
    <datafield tag="110" ind1=" " ind2=" ">
      <subfield code="a">CMS Collaboration</subfield>
      <subfield code="w">451</subfield>
    </datafield>
    <datafield tag="245" ind1=" " ind2=" ">
      <subfield code="a">CMS Simulated Dataset Names</subfield>
    </datafield>
    <datafield tag="260" ind1=" " ind2=" ">
      <subfield code="b">CERN Open Data Portal</subfield>
      <subfield code="c">2016</subfield>
    </datafield>
    <datafield tag="264" ind1=" " ind2="0">
      <subfield code="c">2016</subfield>
    </datafield>
    <datafield tag="520" ind1=" " ind2=" ">
      <subfield code="a">Below you can find information related to CMS Simulated Dataset Names:</subfield>
      <subfield code="u">/about/CMS-Simulated-Dataset-Names</subfield>
    </datafield>
    <datafield tag="693" ind1=" " ind2=" ">
      <subfield code="a">CERN-LHC</subfield>
      <subfield code="e">CMS</subfield>
    </datafield>
    <datafield tag="964" ind1=" " ind2="0">
      <subfield code="c">Run2011A</subfield>
    </datafield>
    <datafield tag="980" ind1=" " ind2=" ">
      <subfield code="a">CMS-Open-Data-Instructions</subfield>
    </datafield>
  </record>